@article{ref:,
  author          = {gisuperu},
  journal         = {},
  number          = {},
  title           = {},
  volume          = {},
  year            = {}
}