@book{book:docker,
  author         = {大澤文孝, 浅井尚},
  title          = {"触って学ぶクラウドインフラ docker 基礎からのコンテナ構築"},
  publisher      = {日経BPマーケティング},
  year           = {2020年}
}

@book{book:node,
  author         = {掌田津耶乃},
  title          = {"Node.js 超入門"},
  publisher      = {株式会社 秀和システム},
  year           = {2017年}
}

@misc{org:vermin-harm,
  author       = {農林水産省},
  title = {野生鳥獣による農作物被害状況の推移},
  howpublished = {全国の野生鳥獣による農作物被害状況について（令和4年度） \url{http://www.bousai.go.jp/kaigirep/hakusho/h22/bousai2010/html/honbun/2b_1s_1_01.htm}},
  year = {2022年},
  note = {\refdate{2024年1月18日}}
}

@misc{org:vermin-taisaku,
  author = {農林水産省},
  title = {野生鳥獣被害防止マニュアル【総合対策編】 －令和5年3月版},
  howpublished = {\url{https://www.maff.go.jp/j/seisan/tyozyu/higai/manyuaru/attach/pdf/manual-14.pdf}},
  year = {2023年},
  note = {\refdate{2024年1月24日}}
}


@misc{rfc8030,
  author = {M. Thomson, E. Damaggio, B. Raymor, Ed.},
  title = {"Generic Event Delivery Using HTTP Push"},
  howpublished = {RFC 8030, \url{https://datatracker.ietf.org/doc/html/rfc8030}},
  year = {2016年 12月},
  note = {\refdate{2024年1月21日}}
}

@misc{rfc8292,
  author = {M. Thomson, P. Beverloo},
  title = {"Voluntary Application Server Identification (VAPID)"},
  howpublished = {RFC 8292, \url{https://datatracker.ietf.org/doc/html/rfc8292}},
  year = {2017年 11月},
  note = {\refdate{2024年1月21日}}
}


@misc{web:express,
  author = {StrongLoop, IBM},
  title = {"Express - Node.js web application framework"},
  howpublished = {\url{https://expressjs.com/}},
  year = {},
  note = {\refdate{2024年1月18日}}
}

@misc{web:leafletjs,
  author = {Volodymyr Agafonkin},
  title = {"Leaflet - a JavaScript library for interactive maps"},
  howpublished = {\url{https://leafletjs.com}},
  year = {},
  note = {\refdate{2024年1月18日}}
}

@misc{web:pushapi,
  author = {Mozilla Foundation},
  title = {"プッシュ API - Web API | MDN"},
  howpublished = {\url{https://developer.mozilla.org/ja/docs/Web/API/Push_API}},
  year = {},
  note = {\refdate{2024年1月18日}}
}

@misc{web:serviceworker,
  author = {Mozilla Foundation},
  title = {"サービスワーカー API - Web API | MDN"},
  howpublished = {\url{https://developer.mozilla.org/ja/docs/Web/API/Service_Worker_API}},
  year = {},
  note = {\refdate{2024年1月18日}}
}

@misc{web:nginx,
  author = {Nginx},
  title = {"nginx"},
  howpublished = {\url{https://nginx.org/en/}},
  year = {},
  note = {\refdate{2024年1月18日}}
}

@misc{web:postform,
  author = {Mozilla Foundation},
  title = {"POST - HTTP | MDN"},
  howpublished = {\url{https://developer.mozilla.org/ja/docs/Web/HTTP/Methods/POST}},
  year = {},
  note = {\refdate{2024年1月22日}}
}

% ＝＝＝＝＝　以下先輩のやつ　＝＝＝＝＝
@article{article:internet-less-communication,
author = {藤本まなとほか},
title = {"Effective Application Distribution System for Internet-less Communication during Disasters"},
journal = {Sensors and Materials},
volume = {32},
number = {1},
pages= {79-95},
year = {2020}
}

@book{book:mastering-TCP-IP,
author = {井上直也ほか},
title = {マスタリング TCP/IP 入門編},
edition = {第6版},
publisher = {オーム社},
year = {2019}
}

@book{book:IoT,
author = {IoT検定ユーザー教育推進ワーキンググループ},
title = {図解即戦力 IoTのしくみと技術がこれ1冊でしっかりわかる教科書 IoT検定パワーユーザー対応版},
publisher = {技術評論社},
year = {2020}
}

@book{book:kosen-physics,
author = {和達三樹ほか},
title = {高専の物理},
edition = {第5版},
publisher = {森北出版},
year = {2000}
}

@book{book:research-radio-word,
author = {電波を活用した生態位置検知システムに関する調査検討会},
title = {電波を活用した生態位置検知システムに関する調査検討報告書},
publisher = {総務省信越総合通信局},
year = {2006}
}

@misc{white:info-com-2011,
author = {総務省},
title = {第1部 東日本大震災における情報通信の状況 第1節 通信等の状況},
howpublished = {平成23年版 情報通信白書 \url{https://www.soumu.go.jp/johotsusintokei/whitepaper/ja/h23/pdf/23honpen.pdf}},
year = {2011},
note = {pp.2-11 (Accessed on 2022/01/21)}
}

@misc{white:disaster-prevent-2010,
author = {内閣府},
title = {第2部 災害の状況と対策 第1章 我が国の災害の状況 1 災害を受けやすい日本の国土},
howpublished = {平成22年版 防災白書 \url{http://www.bousai.go.jp/kaigirep/hakusho/h22/bousai2010/html/honbun/2b_1s_1_01.htm}},
year = {2010},
note = {(Accessed on 2022/01/21)}
}

@misc{law:radio-act,
author = {},
title = {電波法},
howpublished = {e-Gov法令検索 \url{https://elaws.e-gov.go.jp/document?lawid=325AC0000000131}},
year = {2021},
note = {(Accessed on 2022/01/09)}
}

@misc{law:radio-act:enforcement-regulation,
author = {},
title = {電波法施行規則　抄},
howpublished = {e-Gov法令検索 \url{https://elaws.e-gov.go.jp/document?lawid=325M50080000014}},
year = {2018},
note = {(Accessed on 2022/01/08)}
}

@misc{gsi-map,
author = {国土地理院},
title = {地理院地図 / GSI Maps},
howpublished = {\url{https://maps.gsi.go.jp/}},
month = {},
year = {},
note = {(Accessed on 2022/01/18)}
}

@misc{funahashi-village,
author = {舟橋村},
title = {舟橋村について｜村のご案内},
howpublished = {\url{http://www.vill.funahashi.toyama.jp/welcome_new/about.html}},
year = {},
note = {(Accessed on 2022/01/23)}
}

@misc{takayama-city,
author = {高山市},
title = {高山市の概要},
howpublished = {\url{https://www.city.takayama.lg.jp/shisei/1000058/1001902.html}},
year = {},
note = {(Accessed on 2022/01/24)}
}

@misc{takayama-city-shelter,
author = {高山市},
title = {高山市の指定避難所},
howpublished = {\url{https://www.city.takayama.lg.jp/kurashi/1000013/1000080/1014291/1012417.html}},
year = {},
note = {(Accessed on 2022/01/24)}
}

@misc{im920s:hardware,
author = {インタープラン株式会社},
title = {IM920s取扱説明書(ハードウェア編)},
howpublished = {\url{https://www.interplan.co.jp/support/solution/IM315/manual/IM920s_HW_manual.pdf}},
year = {2019},
note = {(Accessed on 2022/01/24)}
}

@misc{im920s:distance,
author = {インタープラン株式会社},
title = {{IM920sシリーズ 見通し通信実験レポート}},
howpublished = {\url{https://www.interplan.co.jp/support/solution/IM315/app_note/TR05.pdf}},
year = {2018},
note = {(Accessed on 2022/01/24)}
}

@misc{im920s:akizuki,
author = {秋月電子通商},
title = {マルチホップ対応 920MHz無線モジュール},
howpublished = {\url{https://akizukidenshi.com/catalog/g/gM-13566/}},
year = {},
note = {(Accessed on 2022/01/24)}
}

@misc{earthquake-2018-pref01-01,
author = {内閣府},
title = {平成30年北海道胆振東部地震に係る被害状況等について : 防災情報のページ},
howpublished = {\url{http://www.bousai.go.jp/updates/h30jishin_hokkaido/index.html}},
year = {2018},
note = {(Accessed on 2022/01/25)}
}

@misc{eruption-2022-Hunga_Tonga,
author = {外務省},
title = {トンガ北部における噴火、地震及び津波の発生},
howpublished = {\url{https://www.mofa.go.jp/mofaj/a_o/ocn/to/page4_005486.html}},
year = {2022},
note = {(Accessed on 2022/01/21)}
}

@misc{news:eruption-2022-Hunga_Tonga,
author = {BBCニュース},
title = {トンガ政府、「未曽有の災害」と声明　海底ケーブル復旧には4週間も},
howpublished = {\url{https://www.bbc.com/japanese/60048634}},
year = {2022},
note = {(Accessed on 2022/01/21)}
}

@misc{news:max-age,
author = {中日新聞Web},
title = {最高齢田中カ子さん１１９歳に　明治から令和まで５時代生きる},
howpublished = {\url{https://www.chunichi.co.jp/amp/article/394120}},
year = {2022},
note = {(Accessed on 2022/01/24)}
}

@misc{rssi-valuation,
author = {MetaGeek},
title = {Understanding RSSI Levels},
howpublished = {\url{https://www.metageek.com/training/resources/understanding-rssi/}},
year = {},
note = {(Accessed on 2022/01/21)}
}

@misc{rfc791,
author = {J. Postel},
title = {{Internet Protocol}},
howpublished = {RFC 791, \url{https://datatracker.ietf.org/doc/html/rfc791}},
year = {1981},
note = {(Accessed on 2022/01/17)}
}

@misc{rfc2474,
author = {F. Bakerほか},
title = {{Definition of the Differentiated Services Field (DS Field) in the IPv4 and IPv6 Headers}},
howpublished = {RFC 2474, \url{https://datatracker.ietf.org/doc/html/rfc2474}},
year = {1998},
note = {(Accessed on 2022/01/17)}
}

@misc{rfc793,
author = {J. Postel},
title = {{Transmission Control Protocol}},
howpublished = {RFC 793, \url{https://datatracker.ietf.org/doc/html/rfc793}},
year = {1981},
note = {(Accessed on 2022/01/17)}
}

@misc{fips197,
author = {NIST},
title = {FIPS 197, Advanced Encryption Standard (AES)},
howpublished = {\url{https://csrc.nist.gov/csrc/media/publications/fips/197/final/documents/fips-197.pdf}},
year = {2001},
note = {(Accessed on 2022/01/24)}
}
